2926 4992
147 491 1199 556 w

444 779 837 886 LECTORI
909 787 958 888 S.

502 1107 887 1150 ψ

18 1383 26 1404 .
122 1300 223 1416 EN
255 1339 347 1417 nus
377 1341 564 1436 uberum,
580 1361 654 1420 arte
680 1347 903 1420 nasonem
919 1363 955 1420 et
970 1345 1117 1446 ingenio
1132 1373 1216 1448 per.

133 1458 313 1551 sedtum,
334 1484 459 1558 quem
474 1458 543 1534 viri
562 1459 680 1535 omnis
703 1460 773 1534 aevi
800 1460 1064 1538 eminentissimi
1082 1464 1120 1537 in
1136 1464 1216 1542 finu

137 1577 365 1673 gestarunt,
394 1593 432 1652 et
459 1575 533 1651 dies
558 1577 755 1677 noctesque
773 1579 1017 1687 evolverunt.¹
1047 1580 1160 1654 Hunc
1186 1581 1215 1656 fi

61 1767 69 1778 ,
141 1689 345 1788 pluribus,
375 1691 496 1766 verbis
524 1691 612 1768 licet
638 1691 871 1791 ampliffimis,
898 1695 1093 1787 laudarem,
1117 1696 1215 1772 idem

148 1809 324 1883 facerem
354 1835 398 1884 ac
429 1807 457 1882 fi
488 1809 552 1884 soli
579 1812 764 1884 lucernam
787 1812 1042 1885 accenderem:
1071 1837 1138 1886 nec
1162 1813 1215 1888 est

152 1928 261 2022 quod
280 1925 469 2018 dubitem,
486 1925 589 2025 quin,
606 1927 635 1999 fi
652 1951 735 2000 eum
751 1925 955 2026 perlegeris,
973 1952 1118 2002 mecum
1139 1955 1213 2004 non

154 2039 302 2118 invitus
330 2043 499 2134 fateberis
525 2042 626 2117 omni
649 2046 755 2117 laude
783 2045 954 2143 majorem
976 2045 1059 2120 effe.
1111 2046 1213 2120 Nolo

159 2155 289 2257 itaque
318 2178 356 2233 te
379 2160 417 2233 in
439 2160 563 2261 limine
585 2159 721 2234 diutius
738 2160 881 2245 morari,
908 2187 1019 2258 quam
1043 2161 1213 2260 tantisper

161 2275 256 2358 dum
286 2301 430 2352 narrem
455 2275 545 2376 quid
571 2275 658 2352 huic
686 2277 817 2350 nostrae
848 2275 999 2374 editioni
1020 2295 1211 2378 acceptum

26 2461 34 2470 .
161 2391 314 2466 referat.

212 2510 263 2584 Id
280 2509 445 2610 inprimis
461 2510 613 2611 egimus,
629 2528 672 2585 ut
690 2511 820 2586 Graeca
840 2533 950 2609 quam
966 2508 1208 2600 emendatiffi-

160 2652 226 2703 me
243 2629 442 2729 prodirent.
486 2633 609 2726 Quem
626 2629 664 2708 iu
681 2630 795 2705 finem
813 2629 977 2730 impressa
993 2628 1115 2704 omnia
1131 2655 1209 2704 me·

159 2744 265 2820 lioris
297 2763 394 2822 notae
422 2747 640 2848 exemplaria
669 2746 926 2834 adhibuimus;
959 2755 1004 2822 xac
1036 2763 1210 2846 praeteroa

161 2852 323 2936 Codices
351 2880 421 2938 tres
446 2865 556 2938 MSS.
581 2889 696 2938 unum
725 2890 744 2939 e
772 2864 906 2938 Museo
933 2863 1095 2938 Jobannis
1111 2863 1209 2938 Mori

156 2975 339 3077 Episcopi
356 2977 517 3076 Elienfis,
533 2970 691 3080 aliosque
706 2983 796 3053 duos
813 3005 832 3052 e
847 2977 1081 3053 Bibliothecis
1100 2981 1205 3054 Oxo-

156 3091 347 3168 nienfibus
361 3093 517 3196 collegii
531 3093 632 3169 Novi
650 3113 685 3170 et
699 3093 855 3193 Collegii
874 3093 1042 3194 Corporis
1056 3093 1207 3170 Christi.
1219 3133 1234 3184 y

212 3210 358 3300 Deinde
384 3237 429 3287 ne
446 3182 621 3311 quidiis,
639 3211 703 3312 qui
725 3211 763 3284 in
787 3209 926 3286 Graecis
949 3210 1058 3287 literis
1085 3211 1205 3286 minus

153 3326 287 3401 versati
319 3328 545 3427 streperem
573 3326 788 3402 consuluisse
814 3325 1030 3414 videremur,
1054 3326 1206 3422 Dionysti

155 3441 321 3518 lambini
336 3445 548 3530 versionem,
568 3443 810 3519 fideliffimam
830 3470 933 3542 aeque
953 3469 993 3518 ac
1013 3441 1204 3543 elegantis-

154 3562 295 3652 fimam,
316 3561 435 3636 textui
458 3559 696 3664 subjecimus:
724 3586 790 3634 nec
806 3558 1061 3660 quidquam-in
1079 3586 1120 3632 ea
1136 3585 1201 3633 ex-

152 3676 347 3776 primenda
373 3676 607 3765 mutavimus,
635 3674 702 3748 nisi
724 3674 815 3749 locis
841 3676 1037 3749 admodum
1062 3675 1199 3774 paucis,

148 3792 213 3868 ubi
230 3819 251 3869 e
270 3791 421 3868 Graecis
438 3791 660 3891 longiuscule
678 3789 850 3865 receffiffe
867 3789 962 3866 visus
977 3791 1028 3866 est
1042 3790 1199 3890 optimus

147 3929 221 3986 rute
268 3935 341 3985 res.

188 3937 397 4111 Prrieterem
413 4019 470 4094 tui
492 4018 529 4092 in
543 4005 707 4122 gratiam,
726 4021 931 4095 obscuriora
947 4023 1114 4120 quoedam
1131 4045 1198 4118 pro

136 4143 230 4224 virili
251 4140 449 4222 illustrata
464 4134 626 4218 dedimus
649 4136 742 4211 inter
765 4153 906 4212 textum
924 4155 961 4212 et
984 4137 1197 4228 versionem,

658 4275 683 4326 Α
703 4271 724 4335 2
